%% LaTeX2e file `main.bib'

@article{GrowingMARLInterest,
  author  = {Gronauer, Sven AND Diepold, Klaus},
  title   = {Multi-agent deep reinforcement learning: a survey},
  journal = {Artificial Intelligence Review},
  volume  = {55},
  pages   = {895-943},
  year    = {2022}
}

@article{AlphaGo,
  author          = {Silver, David AND Huang, Aja AND Maddison \textit{et al.}, Chris},
  title           = {Mastering the game of Go with deep neural networks and tree search},
  journal         = {Nature},
  volume          = {529},
  pages           = {484-489},
  year            = {2016}
}

@article{PositiveSumCoopGames,
  author          = {Oroojlooy, Afshin AND Hajinezhad, Davood},
  title           = {A Review of Cooperative Multi-Agent Deep Reinforcement Learning},
  journal         = {Applied Intelligence},
  volume          = {53},
  pages           = {13677-13722},
  year            = {2023},
  note            = {\url{https://doi.org/10.1007/s10489-022-04105-y}}
}

@article{PettingZoo,
  author       = {Justin K. Terry and
                  Benjamin Black and
                  Ananth Hari and
                  Luis S. Santos and
                  Clemens Dieffendahl and
                  Niall L. Williams and
                  Yashas Lokesh and
                  Caroline Horsch and
                  Praveen Ravi},
  title        = {PettingZoo: Gym for Multi-Agent Reinforcement Learning},
  journal      = {CoRR},
  volume       = {abs/2009.14471},
  year         = {2020},
  url          = {https://arxiv.org/abs/2009.14471},
  eprinttype    = {arXiv},
  eprint       = {2009.14471},
  timestamp    = {Wed, 06 Apr 2022 15:36:38 +0200},
  biburl       = {https://dblp.org/rec/journals/corr/abs-2009-14471.bib},
  bibsource    = {dblp computer science bibliography, https://dblp.org}
}

@article{Gym,
  author       = {Greg Brockman and
                  Vicki Cheung and
                  Ludwig Pettersson and
                  Jonas Schneider and
                  John Schulman and
                  Jie Tang and
                  Wojciech Zaremba},
  title        = {OpenAI Gym},
  journal      = {CoRR},
  volume       = {abs/1606.01540},
  year         = {2016},
  url          = {http://arxiv.org/abs/1606.01540},
  eprinttype    = {arXiv},
  eprint       = {1606.01540},
  timestamp    = {Fri, 08 Nov 2019 12:51:06 +0100},
  biburl       = {https://dblp.org/rec/journals/corr/BrockmanCPSSTZ16.bib},
  bibsource    = {dblp computer science bibliography, https://dblp.org}
}

@article{PPO,
  title           = {Proximal Policy Optimization Algorithms}, 
  author          = {John Schulman and Filip Wolski and Prafulla Dhariwal and Alec Radford and Oleg Klimov},
  year            = {2017},
  eprint          = {1707.06347},
  archivePrefix   = {arXiv},
  primaryClass    = {cs.LG}
}


